
    @BOOK{kozen,
      author =       "Dexter Kozen",
      title =        "Automata and Computability",
      publisher =    "Springer",
      year =         "1997",
      note =         "ISBN~0-387-94907-0",
    }

	@BOOK{ullman,
      author =       "John E. Hopcroft and Rajeev Motwani and Jeffrey D. Ullman",
      title =        "Automata Theory, Languages, and Computation",
      publisher =    "Pearson",
      year =         "2007",
			edition =			 "3rd",
      note =         "ISBN~0-321-47617-4",
    }

	@BOOK{meduna,
      author =       "Alexander Meduna",
      title =        "Automata and Languages",
      publisher =    "Springer",
      year =         "2000",
      note =         "ISBN~81-8128-333-3",
    }

  @BOOK{principles,
      author =       "Christel Baier and Joost-Pieter Katoen",
      title =        "Principles of Model Checking",
      publisher =    "The MIT Press",
      year =         "2008",
      note =         "ISBN~978-0-262-02649-9",
    }

  @BOOK{taocp,
      author =       "Donald E. Knuth",
      title =        "The Art of Computer Programming",
      publisher =    "Addison-Wesley",
			edition =			 "3rd",
      year =         "1997",
      note =         "ISBN~0-201-89683-4",
    }
  @MISC{cstugWeb,
      author =       "{WWW stránky}",  
      title =        "Československé sdružení uživatelů {\TeX}u",
      howpublished=  "{\tt http://www.cstug.cz}",
   }
 
 	@INPROCEEDINGS{tacas10,
	author = "Parosh Aziz Abdulla and Yu-Fang Chen and Lukáš Holík and Richard Mayr and Tomáš Vojnar",
	title = {{When Simulation Meets Antichains: On Checking Language Inclusion of Nondeterministic Finite (Tree) Automata}},
	booktitle = {{Proc. of TACAS 2010}},
 	year = {2010},
 	isbn = {3-642-12001-6, 978-3-642-12001-5},
 	location = {Paphos, Cyprus},
	pages = {158--174},
 	numpages = {17},
 	url = {http://dx.doi.org/10.1007/978-3-642-12002-2_14},
 	doi = {10.1007/978-3-642-12002-2_14},
 	acmid = {2175573},
  volume={6015},
 	publisher = {Springer-Verlag},
	} 	

	@INPROCEEDINGS{libvata,
				 author = "Ondřej Lengál and Jiří Šimáček and Tomáš Vojnar",
				 title = {{VATA: A Library for Efficient Manipulation of Non-deterministic Tree Automata}},
         booktitle = {{Proc. of TACAS 2012}},
				 year = {2012},
				 isbn = {978-3-642-28755-8},
				 location = {Tallinn, Estonia},
         volume={7214},
				 pages = {79--94},
				 numpages = {16},
				 url = {http://dx.doi.org/10.1007/978-3-642-28756-5_7},
				 doi = {10.1007/978-3-642-28756-5_7},
				 acmid = {2260526},
				 publisher = {Springer-Verlag},
	} 


	
	@INPROCEEDINGS{focs95,
			author = "Monika R. Henzinger and Thomas A. Henzinger and Peter W. Kopke",
			title = {{Computing Simulations on Finite and Infinite Graphs}},
   		pages = {453--462},
      booktitle = {{Proc. of FOCS 1995}},
			year = {1995},
			location = {Washington, DC, USA},
			publisher = {IEEE Computer Society Washington},
			ISBN = {0-8186-7183-1},
			language = {english},
			url = {http://dl.acm.org/citation.cfm?id=796255}
	}

	@INPROCEEDINGS{armc,
			author = "Ahmed Bouajjani and Peter Habermehl and Tomáš Vojnar",
			title = {{Abstract Regular Model Checking}},
   		pages = {372--386},
			series = {Lecture Notes in Computer Science},
      booktitle = {{Proc. of CAV 2004}},
			year = {2004},
			location = {Berling, DE},
			publisher = {Springer Verlag},
			ISSN = {0302-9743},
			language = {english},
      volume={3114},
			url = {http://www.fit.vutbr.cz/research/pubs/art.php.cs?id=7410}
	}

	@INPROCEEDINGS{metal,
			author = "Seth Hallem and Benjamin Chelf and Yichen Xie and Dawson Engler",
			title = {{A System and Language for Building System-specific, Static Analyses}},
   		pages = {69--82},
      booktitle = {{Proc. of PLDI 2002}},
			year = {2002},
			location = {New York, NY, USA},
			publisher = {ACM},
			ISBN = {1-58113-463-0},
			language = {english},
			url = {http://dl.acm.org/citation.cfm?doid=512529.512539}
	} 

	@INPROCEEDINGS{cav06,
				 author = "M. De Wulf and L. Doyen and T.A. Henzinger and J. -F. Raskin",
				 title = {{Antichains: A New Algorithm for Checking Universality of Finite Automata}},
         booktitle = {{Proc. of CAV 2006}},
				 year = {2006},
				 isbn = {3-540-37406-X, 978-3-540-37406-0},
				 location = {Seattle, WA},
				 pages = {17--30},
				 numpages = {14},
				 url = {http://dx.doi.org/10.1007/11817963_5},
				 doi = {10.1007/11817963_5},
				 acmid = {2135916},
         volume = {4144},
				 publisher = {Springer-Verlag},
	}

	@INPROCEEDINGS{mona,
			author = "Jesper G. Henriksen and Ole J.L. Jensen and Michael E. Jorgensen and Nils Klarlund and Robert Paige and Theis Rauhe and Anders B. Sandholm",
			title = {{MONA: Monadic Second-Order Logic in Practice}},
   		pages = {89--110},
      booktitle = {{Proc. of TACAS 1995}},
			year = {1995},
			location = {Berlin, DE},
			publisher = {Springer Verlag}, 
			ISSN = {0909-0878},
         volume = {1019},
			language = {english},
	}

	@inproceedings{kanthakN04,
 			title = {{FSA: An Efficient and Flexible C++ Toolkit for Finite State Automata Using On-Demand Computation}},
  		author = "Stephan Kanthak and Hermann Ney",
  		booktitle = {ACL},
  		year = {2004},
  		pages = {510-517},
		  url = {http://acl.ldc.upenn.edu/acl2004/main/pdf/240_pdf_2-col.pdf},
}

@inproceedings{popl13,
 author = "Filippo Bonchi and Damien Pous",
 title = {{Checking NFA Equivalence with Bisimulations up to Congruence}},
 booktitle = {{Proc. of POPL 2013}},
 year = {2013},
 isbn = {978-1-4503-1832-7},
 location = {Rome, Italy},
 pages = {457--468},
 numpages = {12},
 url = {http://doi.acm.org/10.1145/2429069.2429124},
 doi = {10.1145/2429069.2429124},
 acmid = {2429124},
 publisher = {ACM},
 keywords = {antichain, automata, bisimulation, coinduction, congruence, language equivalence, up-to techniques},
} 

@misc{timbuk,
		title = "Timbuk",
    author = {Web pages of Timbuk},
		year = "2012 [cit. 2013-01-29]",
		howpublished = "{\tt http://www.irisa.fr/celtique/genet/timbuk/}",
	}

@MISC{brics,
		author = "Anders Møller",
		title = {{dk.brics.automaton}},
		year = "2011 [cit. 2013-01-19]",
		howpublished = "{\tt http://www.brics.dk/automaton/}",
	}
	@MISC{libfa,
		author = "David Lutterkort",
		title = "libfa",
		year = "2011 [cit. 2013-01-19]",
		howpublished = "{\tt http://augeas.net/libfa/index.html}",
	}
	@MISC{fare,
		author = "Nikos Baxevanis",
		title = "Fare",
		year = "2012 [cit. 2013-01-19]",
		howpublished = "{\tt https://github.com/moodmosaic/Fare}",
	}
	@MISC{rwth,
		author = "Stephan Kanthak and Hermann Ney",
		title = {{The RWTH FSA Toolkit}},
		year = "2005 [cit. 2013-01-19]",
		howpublished = "{\tt http://www-i6.informatik.rwth-aachen.de/\verb|~|kanthak/fsa.html}",
	}
	@MISC{fsaprolog,
		title = "FSA Utilities toolbox",
		year = "2005 [cit. 2013-01-19]",
		howpublished = "{\tt http://odur.let.rug.nl/\verb|~|vannoord/Fsa/}",
	}
	@MISC{libgfsm,
		title = "libgfsm",
		year = "2008 [cit. 2013-01-29]",
		howpublished = "{\tt http://www.ling.uni-potsdam.de/~moocow/projects/gfsm//}",
	}
