
    @BOOK{kozen,
      author =       "Dexter Kozen",
      title =        "Automata and Computability",
      publisher =    "Springer",
      year =         "1997",
      note =         "ISBN~0-387-94907-0",
    }

	@BOOK{ullman,
      author =       {John E. Hopcroft and Rajeev Motwani and Jeffrey D. Ullman},
      title =        "Automata Theory, Languages, and Computation",
      publisher =    "Pearson",
      year =         "2007",
			edition =			 "3",
      note =         "ISBN~0-321-47617-4",
    }

	@BOOK{meduna,
      author =       "Alexander Meduna",
      title =        "Automata and Languages",
      publisher =    "Springer",
      year =         "2000",
      note =         "ISBN~81-8128-333-3",
    }

   @MISC{cstugWeb,
      author =       "{WWW stránky}",  
      title =        "Èeskoslovenské sdru¾ení u¾ivatelù {\TeX}u",
      howpublished=  "{\tt http://www.cstug.cz}",
   }

 	@INPROCEEDINGS{antichain,
			author = {A. Parosh Abdulla and Luká¹ Holík and Yu-Fang Chen and
			Richard Mayr and Tomá¹ Vojnar},
			title = {When Simulation Meets Antichains (On Checking Language
				Inclusion of Nondeterministic Finite (Tree) Automata)},
   		pages = {158--174},
   		booktitle = {Tools and Algorithms for the Construction and Analysis of
		 		Systems},
			series = {LNCS 6015},
			year = {2010},
			location = {Berlín, DE},
			publisher = {Springer Verlag},
			ISBN = {978-3-642-12001-5},
			language = {english},
			url = {http://www.fit.vutbr.cz/research/view_pub.php?id=9190}
	}
	
	@INPROCEEDINGS{libvata,
			author = {Ondøej Lengál and Jiøí ©imáèek and Tomá¹ Vojnar},
			title = {VATA: A Library for Efficient Manipulation
				of Non-deterministic Tree Automata},
   		pages = {79--94},
   		booktitle = {Tools and Algorithms for the Construction and Analysis of Systems},
			series = {Lecture Notes in Computer Science},
			year = {2012},
			location = {Berlín, DE},
			publisher = {Springer Verlag},
			ISBN = {978-3-642-28756-5},
			language = {english},
			url = {http://link.springer.com/chapter/10.1007\%2F978-3-642-28756-5_7}
	}
	
	@INPROCEEDINGS{simulations,
			author = {Monika R. Hezinger and Thomas A. Hezinger and Peter W. Kopke},
			title = {Computing Simulations on Finite and Infinite Graphs},
   		pages = {453--462},
   		booktitle = {36th FOCS},
			series = {Annual Symposium on Foundations of Computer Science},
			year = {1995},
			location = {Washington, DC, USA},
			publisher = {IEEE Computer Society Washington},
			ISBN = {0-8186-7183-1},
			language = {english},
			url = {http://dl.acm.org/citation.cfm?id=796255}
	}

	@INPROCEEDINGS{armc,
			author = "Ahmed Bouajjani and Peter Habermehl and Tomá¹ Vojnar",
			title = {Abstract Regular Model Checking},
   		pages = {372--386},
   		booktitle = {Computer Aided Verification},
			series = {Lecture Notes in Computer Science},
			year = {1995},
			location = {Berling, DE},
			publisher = {Springer Verlag},
			ISSN = {0302-9743},
			language = {english},
			url = {http://www.fit.vutbr.cz/research/pubs/art.php.cs?id=7410}
	}

	@INPROCEEDINGS{metal,
			author = "Seth Hallem and Benjamin Chelf and Yichen Xie and Dawson Engler",
			title = {A system and language for building system-specific, static analyses},
   		pages = {69--82},
   		booktitle = {Proceedings of the ACM SIGPLAN 2002 Conference on Programming language design and implementation (PLDI'02)},
			year = {2002},
			location = {New York, NY, USA},
			publisher = {ACM},
			ISBN = {1-58113-463-0},
			language = {english},
			url = {http://dl.acm.org/citation.cfm?doid=512529.512539}
	}

	@INPROCEEDINGS{cav06,
			author = "M. De Wulf and L. Doyen and T.A. Henzinger and J.-F. Raskin",
			title = {Antichains: A New Algorithm for Checking Universality of Finite Automata},
   		pages = {17--30},
   		booktitle = {18th International Conference, CAV 2006},
			year = {2006},
			location = {Berlin, DE},
			publisher = {Spinger},
			ISBN = {978-3-540-37406-0},
			language = {english},
			url = {http://link.springer.com/chapter/10.1007\%2F11817963_5?LI=true#}
	}

	@INPROCEEDINGS{mona,
			author = "Jesper G. Henriksen and Ole J.L. Jensen and Michael E. Jorgensen and Nils Klarlund and Robert Paige and Theis Rauhe and Anders B. Sandholm",
			title = {MONA: Monadic Second-Order Logic in Practice},
   		pages = {},
   		booktitle = {In practice, in tools and algorithms for the construction and analysis of systems, first international workshop (TACAS '95)},
			year = {1995},
			location = {Berlin, DE},
			publisher = {Springer Verlag}, 
			ISSN = {0909-0878},
			language = {english},
	}

	@inproceedings{kanthakN04,
 			title = {FSA: An Efficient and Flexible C++ Toolkit for Finite State Automata Using On-Demand Computation},
  		author = {Stephan Kanthak and Hermann Ney},
  		booktitle = {ACL},
  		year = {2004},
  		pages = {510-517},
		  url = {http://acl.ldc.upenn.edu/acl2004/main/pdf/240_pdf_2-col.pdf},
}

	@TECHREPORT{congr,
   author = {Filippo Bonchi and Damien Pous},
   title = {Checking NFA equivalence with bisimulations up to congruence)},
   pages = {16},
   year = {2012},
   publisher = {Université de Lyon},
   language = {english},
   url = {http://hal.inria.fr/hal-00639716/en}
	}

	@MISC{brics,
		author = {Anders Moller},
		title = "dk.brics.automaton",
		year = "2011 [cit. 2013-01-19]",
		howpublished = "{\tt http://www.brics.dk/automaton/}",
	}
	@MISC{libfa,
		author = {David Lutterkort},
		title = "libfa",
		year = "2011 [cit. 2013-01-19]",
		howpublished = "{\tt http://augeas.net/libfa/index.html}",
	}
	@MISC{fare,
		author = {Nikos Baxevanis},
		title = "Fare",
		year = "2012 [cit. 2013-01-19]",
		howpublished = "{\tt https://github.com/moodmosaic/Fare}",
	}
	@MISC{rwth,
		author = {Stephan Kanthak and Hermann Ney},
		title = "The RWTH FSA Toolkit",
		year = "2005 [cit. 2013-01-19]",
		howpublished = "{\tt http://www-i6.informatik.rwth-aachen.de/\verb|~|kanthak/fsa.html}",
	}
	@MISC{fsaprolog,
		title = "FSA Utilities toolbox",
		year = "2005 [cit. 2013-01-19]",
		howpublished = "{\tt http://odur.let.rug.nl/\verb|~|vannoord/Fsa/}",
	}
	@MISC{libgfsm,
		title = "libgfsm",
		year = "2008 [cit. 2013-01-29]",
		howpublished = "{\tt http://www.ling.uni-potsdam.de/~moocow/projects/gfsm//}",
	}
